<record><leader>00000cas a22000007a 4500</leader><controlfield tag="001">13813802</controlfield><controlfield tag="008">860702d19091914wiuwr ne      0    0eng d</controlfield><datafield ind1=" " ind2=" " tag="010"><subfield code="a">sn 86086253 </subfield></datafield><datafield ind1=" " ind2=" " tag="040"><subfield code="a">NPV</subfield><subfield code="b">eng</subfield><subfield code="c">NPV</subfield><subfield code="d">OCLCQ</subfield></datafield><datafield ind1=" " ind2=" " tag="042"><subfield code="a">msc</subfield></datafield><datafield ind1=" " ind2=" " tag="045"><subfield code="a">x0x1</subfield></datafield><datafield ind1=" " ind2=" " tag="052"><subfield code="a">4123</subfield><subfield code="b">W9</subfield></datafield><datafield ind1="0" ind2=" " tag="130"><subfield code="a">Pittsville record (Pittsville, Wis. : 1909)</subfield></datafield><datafield ind1="1" ind2="0" tag="245"><subfield code="a">Pittsville record.</subfield></datafield><datafield ind1=" " ind2=" " tag="260"><subfield code="a">Pittsville, Wis. :</subfield><subfield code="b">C.E. McKee,</subfield><subfield code="c">1909-1914.</subfield></datafield><datafield ind1=" " ind2=" " tag="300"><subfield code="a">v. :</subfield><subfield code="b">ill.</subfield></datafield><datafield ind1=" " ind2=" " tag="310"><subfield code="a">Weekly</subfield></datafield><datafield ind1="0" ind2=" " tag="362"><subfield code="a">Vol. 1, no. 1 (Aug. 19, 1909)-v. 5, no. 48 (July 8, 1914).</subfield></datafield><datafield ind1=" " ind2=" " tag="530"><subfield code="a">Available on microfilm from the State Historical Society of Wisconsin.</subfield></datafield><datafield ind1=" " ind2=" " tag="752"><subfield code="a">United States</subfield><subfield code="b">Wisconsin</subfield><subfield code="c">Wood</subfield><subfield code="d">Pittsville.</subfield></datafield><datafield ind1="0" ind2="0" tag="785"><subfield code="t">Pittsville record and the Yellow River pilot</subfield><subfield code="w">(DLC)sn 85041314</subfield></datafield></record>